<?xml version="1.0" encoding="UTF-8"?><collection xmlns="http://www.loc.gov/MARC21/slim"><record><leader>00502nam--2200181-u-4500</leader><controlfield tag="001">000056395</controlfield><controlfield tag="002">20161230</controlfield><controlfield tag="005">20161230201052</controlfield><controlfield tag="008">150813s1000------------r-----000-0-ger-d</controlfield><datafield ind1=" " ind2=" " tag="040"><subfield code="a">IFIN-HH</subfield></datafield><datafield ind1=" " ind2=" " tag="041"><subfield code="a">ger</subfield></datafield><datafield ind1=" " ind2=" " tag="080"><subfield code="a">53:57:61</subfield></datafield><datafield ind1="1" ind2=" " tag="100"><subfield code="a">Beier, Walter</subfield></datafield><datafield ind1="1" ind2="0" tag="245"><subfield code="a">Die physik und ihre anwendung in medizin und biologie band i. mechanik, akustik und warme</subfield><subfield code="c">Walter beier, erich dorner</subfield></datafield><datafield ind1=" " ind2=" " tag="260"><subfield code="a">Leipzig</subfield><subfield code="b">Vebgeorg Thieme</subfield><subfield code="c">1960</subfield></datafield><datafield ind1=" " ind2=" " tag="300"><subfield code="a">475P</subfield></datafield><datafield ind1="1" ind2=" " tag="700"><subfield code="a">Donner, Erich</subfield></datafield><datafield ind1=" " ind2=" " tag="852"><subfield code="a">76353</subfield></datafield></record></collection>